@ARTICLE{Britton:2006,
   author = {{Britton}, M.~C.},
    title = "{The Anisoplanatic Point-Spread Function in Adaptive Optics}",
  journal = {\pasp},
   eprint = {astro-ph/0603170},
 keywords = {Instrumentation: Adaptive Optics, Techniques: High Angular Resolution, Techniques: Photometric},
     year = 2006,
    month = jun,
   volume = 118,
    pages = {885-900},
      doi = {10.1086/505547},
   adsurl = {http://adsabs.harvard.edu/abs/2006PASP..118..885B},
  adsnote = {Provided by the SAO/NASA Astrophysics Data System}
}

